<record><leader>00000cas a22000007a 4500</leader><controlfield tag="001">20967285</controlfield><controlfield tag="008">900129d19301952pauwr ne      0    0eng d</controlfield><datafield ind1=" " ind2=" " tag="010"><subfield code="a">sn 90069116 </subfield></datafield><datafield ind1=" " ind2=" " tag="040"><subfield code="a">NPH</subfield><subfield code="b">eng</subfield><subfield code="c">NPH</subfield><subfield code="d">OCLCQ</subfield></datafield><datafield ind1=" " ind2=" " tag="042"><subfield code="a">msc</subfield></datafield><datafield ind1="0" ind2=" " tag="130"><subfield code="a">News comet (East Berlin, Pa.)</subfield></datafield><datafield ind1="1" ind2="0" tag="245"><subfield code="a">News comet.</subfield></datafield><datafield ind1="3" ind2="0" tag="246"><subfield code="a">East Berlin news York Springs comet</subfield></datafield><datafield ind1="3" ind2="0" tag="246"><subfield code="a">East Berlin news comet</subfield></datafield><datafield ind1="3" ind2="0" tag="246"><subfield code="a">East Berlin York Springs news comet</subfield></datafield><datafield ind1=" " ind2=" " tag="260"><subfield code="a">East Berlin, Pa. :</subfield><subfield code="b">New Oxford News Co.,</subfield><subfield code="c">1930-1952.</subfield></datafield><datafield ind1=" " ind2=" " tag="300"><subfield code="a">v. :</subfield><subfield code="b">ill. ;</subfield><subfield code="c">58 cm.</subfield></datafield><datafield ind1=" " ind2=" " tag="310"><subfield code="a">Weekly</subfield></datafield><datafield ind1="0" ind2=" " tag="362"><subfield code="a">Vol. 51, no. 23 (June 20, 1930)-v. 73, no. 15 (Aug. 29, 1952).</subfield></datafield><datafield ind1=" " ind2=" " tag="752"><subfield code="a">United States</subfield><subfield code="b">Pennsylvania</subfield><subfield code="c">Adams</subfield><subfield code="d">East Berlin.</subfield></datafield><datafield ind1="0" ind2="4" tag="780"><subfield code="t">York Springs comet</subfield><subfield code="w">(DLC)sn 87090564</subfield></datafield><datafield ind1="0" ind2="4" tag="780"><subfield code="t">East Berlin news and Biglerville news</subfield><subfield code="w">(DLC)sn 90069115</subfield></datafield><datafield ind1="0" ind2="4" tag="785"><subfield code="t">New Oxford item</subfield><subfield code="w">(OCoLC)20967363</subfield></datafield></record>